<?xml version="1.0" encoding="UTF-8"?><collection xmlns="http://www.loc.gov/MARC21/slim"><record><leader>00427nam--2200181-i-4500</leader><controlfield tag="001">000011269</controlfield><controlfield tag="002">20161230</controlfield><controlfield tag="005">20161230201029</controlfield><controlfield tag="008">060222s1000------------r-----000-0-rus-d</controlfield><datafield ind1=" " ind2=" " tag="040"><subfield code="a">IFIN-HH</subfield></datafield><datafield ind1=" " ind2=" " tag="041"><subfield code="a">rus</subfield></datafield><datafield ind1=" " ind2=" " tag="080"><subfield code="a">539.1:539.2</subfield></datafield><datafield ind1="1" ind2=" " tag="100"><subfield code="a">Sirotin, Yu.I</subfield></datafield><datafield ind1="1" ind2="0" tag="245"><subfield code="a">Osnovi kristallofiziki</subfield><subfield code="c">Yu.i. sirotin</subfield></datafield><datafield ind1=" " ind2=" " tag="260"><subfield code="a">Moskva</subfield><subfield code="b">Nauka</subfield><subfield code="c">1975</subfield></datafield><datafield ind1=" " ind2=" " tag="300"><subfield code="a">680P</subfield></datafield><datafield ind1=" " ind2=" " tag="852"><subfield code="a">42559</subfield><subfield code="c">539</subfield></datafield><datafield ind1=" " ind2=" " tag="CAT"><subfield code="a">Sys</subfield><subfield code="c">20111010</subfield><subfield code="h">164943</subfield></datafield></record></collection>